@article{Article,
  title={Title of the Article},
  author={Author Name},
  journal={Journal Name},
  year={2023},
  volume={1},
  number={1},
  pages={1-10}
}